<?xml version="1.0" encoding="UTF-8"?><collection xmlns="http://www.loc.gov/MARC21/slim"><record><leader>00368nam--2200133-i-4500</leader><controlfield tag="001">000042593</controlfield><controlfield tag="002">20161230</controlfield><controlfield tag="005">20161230201043</controlfield><controlfield tag="008">060222s1000------------r-----000-0-eng-d</controlfield><datafield ind1=" " ind2=" " tag="080"><subfield code="a">51</subfield></datafield><datafield ind1=" " ind2=" " tag="100"><subfield code="a">Staicu,Constantin I</subfield></datafield><datafield ind1=" " ind2=" " tag="245"><subfield code="a">Restricted and general dimensional analysis. treatment of experimental data</subfield></datafield><datafield ind1=" " ind2=" " tag="260"><subfield code="a">Tunbridge, Abacus Press, 1982. 303 P</subfield></datafield><datafield ind1=" " ind2=" " tag="852"><subfield code="a">53</subfield></datafield></record></collection>